@Inbook{Liang2013,
author="Liang, Hu
and Qiansheng, Zhang",
editor="Du, Zhenyu",
title="The Design of Port Scanning Tool Based on TCP and UDP",
bookTitle="Proceedings of the 2012 International Conference of Modern Computer Science and Applications",
year="2013",
publisher="Springer Berlin Heidelberg",
address="Berlin, Heidelberg",
pages="179--183",
isbn="978-3-642-33030-8",
doi="10.1007/978-3-642-33030-8_29",
url="http://dx.doi.org/10.1007/978-3-642-33030-8_29"
}


@Inbook{Cheng2011,
author="Cheng, Feng
and Roschke, Sebastian
and Meinel, Christoph",
editor="Riekki, Jukka
and Ylianttila, Mika
and Guo, Minyi",
title="An Integrated Network Scanning Tool for Attack Graph Construction",
bookTitle="Advances in Grid and Pervasive Computing: 6th International Conference, GPC 2011, Oulu, Finland, May 11-13, 2011. Proceedings",
year="2011",
publisher="Springer Berlin Heidelberg",
address="Berlin, Heidelberg",
pages="138--147",
isbn="978-3-642-20754-9",
doi="10.1007/978-3-642-20754-9_15",
url="http://dx.doi.org/10.1007/978-3-642-20754-9_15"
}


@Inbook{He2006,
author="He, Liwen
and Bode, Nikolai",
editor="Blyth, Andrew",
title="Network Penetration Testing",
bookTitle="EC2ND 2005: Proceedings of the First European Conference on Computer Network Defence School of Computing, University of Glamorgan, Wales, UK",
year="2006",
publisher="Springer London",
address="London",
pages="3--12",
isbn="978-1-84628-352-9",
doi="10.1007/1-84628-352-3_1",
url="http://dx.doi.org/10.1007/1-84628-352-3_1"
}

@Inbook{Messier2016,
author="Messier, Ric",
title="What Is Penetration Testing?",
bookTitle="Penetration Testing Basics: A Quick-Start Guide to Breaking into Systems",
year="2016",
publisher="Apress",
address="Berkeley, CA",
pages="1--11",
isbn="978-1-4842-1857-0",
doi="10.1007/978-1-4842-1857-0_1",
url="http://dx.doi.org/10.1007/978-1-4842-1857-0_1"
}



@Book{Dil00,
  author = {Diller, A.},
  title = {LaTeX wiersz po wierszu},
  publisher = {Wydawnictwo Helion},
  year = {2000},
  address = {Gliwice}
}

@Manual{ARM06,
  title = {Ada Reference Manual {ISO}/{IEC} 8652:200y({E}) {E}d. 3},
  organization = {Ada Europe},
  year = {2006}
}

@Article{BuDo03,
  author = {Burns, A. and Dobbing, B.},
  title = {The {R}avenscar {P}rofile for Real--Time and High Integrity Systems},
  journal = {Cross{T}alk},
  year = {2003},
  volume = {16},
  number = {11},
  pages = {9-12}
}



@InProceedings{PeDa04,
  author = {Peleska, J. and Gro√üe, D. and Haxthausen, A. E. and Drechsler, R.},
  title = {Automated Verification for Train Control Systems},
  booktitle = {Proc. of the 5th Symposium on Formal Methods for Automation and Safety in Railway and Automotive Systems (FORMS/FORMAT 2004)},
  year = {2004},
  pages = {252-265},
  address = {Braunschweig, Germany},
  month = {December}
}

@TechReport{BuDoVa03,
  author = {Burns, A. and Dobbing, B. and Vardanega, T.},
  title = {Guide for the Use of the Ada Ravenscar Profile in High Integrity Systems},
  institution = {University of York},
  year = {2003},
  number = {YCS-2003-348}
}



@manual{Alvis2011,
    organization = {AGH University of Science and Technology},
      year = {2011},
        title = {{On Line Alvis Manual}},
          note = {\\\texttt{http://fm.ia.agh.edu.pl/alvis:manual}},
            author = {Szpyrka, M.}
}
